<collection xmlns="http://www.loc.gov/MARC21/slim">
<record>
  <leader>00996nam0a22002051i 450 </leader>
  <controlfield tag="001">IT\ICCU\CNCE\067507</controlfield>
  <controlfield tag="005">20060922000000.0</controlfield>
  <datafield tag="012" ind1=" " ind2=" ">
    <subfield code="a">15e. f-ma e-o; tosc (3) 1592 (R)</subfield>
    <subfield code="2">fei</subfield>
  </datafield>
  <datafield tag="100" ind1=" " ind2=" ">
    <subfield code="a">20060907d1592        0itac0103    ba</subfield>
  </datafield>
  <datafield tag="101" ind1=" " ind2=" ">
    <subfield code="a">LAT</subfield>
    <subfield code="a">ITA</subfield>
  </datafield>
  <datafield tag="102" ind1=" " ind2=" ">
    <subfield code="a">IT</subfield>
  </datafield>
  <datafield tag="200" ind1="1" ind2=" ">
    <subfield code="a">Essercitii et premii de&apos; confrati del Santiss. Crocifisso residenti nella chiesa di S. Difendo in Bergamo. Con noue discorsi, &amp; vna oratione, contenuti nella prima parte, fatti per loro consolatione, &amp; instanza dal Sig. Hercole Tasso filosofo</subfield>
  </datafield>
  <datafield tag="210" ind1=" " ind2=" ">
    <subfield code="a">In Bergamo</subfield>
    <subfield code="c">per Comino Ventura</subfield>
    <subfield code="d">1592</subfield>
  </datafield>
  <datafield tag="215" ind1=" " ind2=" ">
    <subfield code="a">\4!, 184 c.</subfield>
    <subfield code="c">ill.</subfield>
    <subfield code="d">16\</subfield>
  </datafield>
  <datafield tag="300" ind1=" " ind2=" ">
    <subfield code="a">Fregio xil. sul front. -  Cors. ; rom. -  Vignette, iniziali e fregi xil. ornati. -  Segn.: a4 A-Z8ELIMINATA, PERCHE&apos; ACCORPATA AL CNC 38290 !!!</subfield>
  </datafield>
  <datafield tag="620" ind1=" " ind2=" ">
    <subfield code="a">IT</subfield>
    <subfield code="d">Bergamo</subfield>
  </datafield>
  <datafield tag="700" ind1=" " ind2="1">
    <subfield code="a">Tasso,</subfield>
    <subfield code="b">Ercole</subfield>
    <subfield code="3">IT\ICCU\CNCA\010585</subfield>
  </datafield>
  <datafield tag="712" ind1="0" ind2="0">
    <subfield code="a">Ventura, Comino &amp; C.</subfield>
    <subfield code="3">IT\ICCU\CNCT\002858</subfield>
    <subfield code="4">650</subfield>
  </datafield>
  <datafield tag="790" ind1=" " ind2="1">
    <subfield code="a">Tasso,</subfield>
    <subfield code="b">Hercole</subfield>
    <subfield code="3">IT\ICCU\CNCA\010588</subfield>
    <subfield code="z">Tasso, Ercole</subfield>
  </datafield>
  <datafield tag="801" ind1=" " ind2="3">
    <subfield code="a">IT</subfield>
    <subfield code="b">ICCU</subfield>
    <subfield code="c">20201115</subfield>
  </datafield>
</record>
</collection>
